<?xml version="1.0"?>
<marc:records xmlns:marc="http://www.loc.gov/MARC21/slim" xmlns:xsi="http://www.w3.org/2001/XMLSchema-instance" xsi:schemaLocation="http://www.loc.gov/MARC21/slim http://www.loc.gov/standards/marcxml/schema/MARC21slim.xsd">
  <marc:record>
    <marc:leader>08359ctm a2200625Ia 4500</marc:leader>
    <marc:controlfield tag="001">9977501443403681</marc:controlfield>
    <marc:controlfield tag="005">20190424145030.0</marc:controlfield>
    <marc:controlfield tag="008">190312q16991700fr a          000 0 heb d</marc:controlfield>
    <marc:datafield ind1=" " ind2=" " tag="035">
  <marc:subfield code="a">(OCoLC)1089759333</marc:subfield>
</marc:datafield>
    <marc:datafield ind1=" " ind2=" " tag="035">
  <marc:subfield code="a">(OCoLC)on1089759333</marc:subfield>
</marc:datafield>
    <marc:datafield ind1=" " ind2=" " tag="040">
  <marc:subfield code="a">PAU</marc:subfield>
  <marc:subfield code="b">eng</marc:subfield>
  <marc:subfield code="c">PAU</marc:subfield>
  <marc:subfield code="e">amremm</marc:subfield>
  <marc:subfield code="d">PAU</marc:subfield>
</marc:datafield>
    <marc:datafield ind1=" " ind2="9" tag="099">
  <marc:subfield code="a">CAJS Rar Ms 483</marc:subfield>
</marc:datafield>
    <marc:datafield ind1="0" ind2=" " tag="130">
  <marc:subfield code="6">880-01</marc:subfield>
  <marc:subfield code="a">Mah&#x323;zor (Carpentras)</marc:subfield>
</marc:datafield>
    <marc:datafield ind1="1" ind2="0" tag="245">
  <marc:subfield code="6">880-02</marc:subfield>
  <marc:subfield code="a">Seder shel Rosh ha-Shanah ke-minhag &#x1E33;ahal &#x1E33;odesh &#x1E32;arpint&#x323;rats /</marc:subfield>
  <marc:subfield code="c">yagen Hashem ba&#x2BB;adam amen ... a.y. ha-po&#x2BB;el bi-milekhet ha-&#x1E33;odesh &#x2BB;Imanu&#x2BC;el b.r. Gad de-Mileyav t.m.k. ...</marc:subfield>
</marc:datafield>
    <marc:datafield ind1=" " ind2=" " tag="260">
  <marc:subfield code="6">880-03</marc:subfield>
  <marc:subfield code="a">[Carpentras?],</marc:subfield>
  <marc:subfield code="c">1699-1700.</marc:subfield>
</marc:datafield>
    <marc:datafield ind1=" " ind2=" " tag="300">
  <marc:subfield code="a">125 leaves :</marc:subfield>
  <marc:subfield code="b">paper ;</marc:subfield>
  <marc:subfield code="c">220 x 160 (175 x 115) mm bound to 230 x 175 mm.</marc:subfield>
</marc:datafield>
    <marc:datafield ind1=" " ind2=" " tag="500">
  <marc:subfield code="a">Ms. codex.</marc:subfield>
</marc:datafield>
    <marc:datafield ind1=" " ind2=" " tag="500">
  <marc:subfield code="a">Title from title page (f.1r).</marc:subfield>
</marc:datafield>
    <marc:datafield ind1=" " ind2=" " tag="500">
  <marc:subfield code="a">Collation: Paper, 125; 1&#xB9;&#x2070; 2&#xB9;&#x2074; 3&#xB9;&#x2070; 4&#xB9;&#x2074; 5&#xB9;&#x2070; 6-10&#xB9;&#xB2; 11&#x2077; (+7); modern foliation in pencil, lower left recto, starting on title page, [1-125 (122-125 blank)].</marc:subfield>
</marc:datafield>
    <marc:datafield ind1=" " ind2=" " tag="500">
  <marc:subfield code="a">Layout: 23 lines ruled in hardpoint; for poetic works, such as pizmonim, zulot, and bak&#x323;ashot, two columns are used with each stanza centered with each refrain written in the center of the column; on some leaves with complex layouts the page is ruled vertically to create a grid for vertical alignment of partial lines (for example, f. 69, 95). The headings of the paragraphs are written in large bold. Quarto format.</marc:subfield>
</marc:datafield>
    <marc:datafield ind1=" " ind2=" " tag="500">
  <marc:subfield code="a">Script:  Written in a Provenc&#x327;al semi-cursive script with vowels; headers written in Ashkenazic cursive in the hand of &#x2BB;Imanu&#x2BC;el ben Gad de Milhaud. This scribe was prolific in creation of manuscripts for prayers in the customs of French communities, and he was active in the late 17th and early 18th centuries. Also, what appears to be the scribe's pen tests is on the inside of the front board: "eM em manuel" with six-pointed stars, more circles and wavy lines.</marc:subfield>
</marc:datafield>
    <marc:datafield ind1=" " ind2=" " tag="500">
  <marc:subfield code="a">Decoration: Title in a floral-architechtural scheme, each corner crowned with an urn; colored with brown ink (f. 1r). Pen tests in the shape of a rose with a stem (f. 75v). A drawing in ink of a rose follows the colophon (f. 122v). Also of interest is a drawn diagram for the blowing of the shofar (f. 54v); tashrat g' p' (tek&#x323;i&#x2B9;ah shevarim teru&#x2B9;ah tek&#x323;i&#x2B9;ah g' pe&#x2B9;amim), instructing the four types of Shofar blasts three times each, schematically depicted by a straight line, a line broken into three, a jagged line, and a final straight line; tashat g' p' (tek&#x323;i&#x2B9;ah shevarim tek&#x323;i&#x2B9;ah) in the same scheme; and tarat g' (tek&#x323;i&#x2B9;ah teru&#x2B9;ah tek&#x323;i&#x2B9;ah) also in the same scheme.</marc:subfield>
</marc:datafield>
    <marc:datafield ind1=" " ind2=" " tag="500">
  <marc:subfield code="a">Watermarks: Initials PV over horizontal trellis with hanging cluster of grapes (f. 21, 90, 124); bell held by mooring with a cross in the center (f. 125); partial watermark on f. 52-55, 60-62, 68.</marc:subfield>
</marc:datafield>
    <marc:datafield ind1=" " ind2=" " tag="500">
  <marc:subfield code="a">Binding: Contemporary green sheepskin on paper boards; corners bumped and peeling. Spine weak, with chords visible. Minimal warping of boards.</marc:subfield>
</marc:datafield>
    <marc:datafield ind1=" " ind2=" " tag="500">
  <marc:subfield code="a">Origin:  Written likely in Carpentras, certainly in France, by &#x2BB;Imanu&#x2BC;el ben Gad de Milhaud in the year 5460 (between 24 September 1699 - September 13, 1700).</marc:subfield>
</marc:datafield>
    <marc:datafield ind1="0" ind2=" " tag="505">
  <marc:subfield code="6">880-04</marc:subfield>
  <marc:subfield code="a">1. f. 2r-22r: Zemirot Shah&#x323;arit -- 2. f. 22r-55v: Shah&#x323;arit le-yom a. shel Rosh ha-Shanah -- 3. f. 56r-62v: Tefilat Musaf -- 4. f.63r-68v: Tefilat Minh&#x323;ah -- 5. f. 69r-90v: Shah&#x323;arit le-yom sheni shel Rosh ha-Shanah -- 6. f. 92r-122v: Ashmurah &#x2B9;erev ha-tsom.</marc:subfield>
</marc:datafield>
    <marc:datafield ind1=" " ind2=" " tag="506">
  <marc:subfield code="a">Access to this item is subject to staff review.</marc:subfield>
</marc:datafield>
    <marc:datafield ind1=" " ind2=" " tag="520">
  <marc:subfield code="a">This is a manuscript of Rosh ha-Shanah prayers in the rite of the community of Carpentras, today a commune in the department of Vaucluse in the Provence-Alpes-Co&#x302;te d'Azur region of France. It begins with piyutim for the eve of Rosh ha-Shanah, and following are the opening prayers for Shah&#x323;arit, after moving to the Shah&#x323;arit portion for the first day of Rosh ha-Shanah; Musaf follows, and it appears as though the scribe does not include the custom for H&#x323;azarat ha-shats (cantor's repetition of the silent &#x2B9;Amidah prayer), when special prayers and customs are often recited; in this manuscript, Musaf is just written followed by the instructions to "go home in peace" ("v&#x323;e-Tok&#x323;&#x2B9;in kan ke-yom rishon v&#x323;e-yomar Musaf ... v&#x323;e-holkhim le-betam le-shalom"; f. 90v). Finally, prayers for the eve (likely recited after midnight) of Tsom Gedaliyah, which falls on the day after Rosh ha-Shanah, follows the Shah&#x323;arit of the second day. The manuscript runs through the prayers without making mention of the specific rites and differences within the Carpentras liturgical custom; of interest are the pizmonim, or recitationals, possibly for the time of the initial blowing of the shofar, although mentioned only for the second day (f. 88v-90r). The volume ends with penitential prayers for the eve of Rosh ha-Shanah, commonly referred to as Selih&#x323;ot (f. 92r-122v).</marc:subfield>
</marc:datafield>
    <marc:datafield ind1=" " ind2=" " tag="524">
  <marc:subfield code="a">UPenn CAJS Rar Ms 483.</marc:subfield>
</marc:datafield>
    <marc:datafield ind1=" " ind2=" " tag="546">
  <marc:subfield code="a">Hebrew.</marc:subfield>
</marc:datafield>
    <marc:datafield ind1="1" ind2=" " tag="561">
  <marc:subfield code="a">Presented to The Penn Libraries in 2018 by Joseph and Susan Moldovan (C'76).</marc:subfield>
</marc:datafield>
    <marc:datafield ind1="0" ind2="0" tag="630">
  <marc:subfield code="6">880-06</marc:subfield>
  <marc:subfield code="a">Selih&#x323;ot.</marc:subfield>
</marc:datafield>
    <marc:datafield ind1=" " ind2="0" tag="650">
  <marc:subfield code="6">880-05</marc:subfield>
  <marc:subfield code="a">Mahzorim.</marc:subfield>
</marc:datafield>
    <marc:datafield ind1=" " ind2="0" tag="651">
  <marc:subfield code="a">Carpentras (France)</marc:subfield>
  <marc:subfield code="x">History</marc:subfield>
  <marc:subfield code="v">Sources.</marc:subfield>
</marc:datafield>
    <marc:datafield ind1=" " ind2="7" tag="655">
  <marc:subfield code="a">Drawings (visual works)</marc:subfield>
  <marc:subfield code="2">aat</marc:subfield>
</marc:datafield>
    <marc:datafield ind1=" " ind2="7" tag="655">
  <marc:subfield code="a">Diagrams.</marc:subfield>
  <marc:subfield code="2">aat</marc:subfield>
</marc:datafield>
    <marc:datafield ind1=" " ind2="7" tag="655">
  <marc:subfield code="a">Codices.</marc:subfield>
  <marc:subfield code="2">aat</marc:subfield>
</marc:datafield>
    <marc:datafield ind1=" " ind2="7" tag="655">
  <marc:subfield code="a">Mahzorim.</marc:subfield>
  <marc:subfield code="2">aat</marc:subfield>
</marc:datafield>
    <marc:datafield ind1=" " ind2="0" tag="655">
  <marc:subfield code="a">Manuscripts, Hebrew</marc:subfield>
  <marc:subfield code="y">18th century.</marc:subfield>
</marc:datafield>
    <marc:datafield ind1=" " ind2="0" tag="655">
  <marc:subfield code="a">Manuscripts, European.</marc:subfield>
</marc:datafield>
    <marc:datafield ind1="1" ind2=" " tag="700">
  <marc:subfield code="6">880-07</marc:subfield>
  <marc:subfield code="a">Milhaud, &#x2BB;Imanu&#x2BC;el ben Gad de,</marc:subfield>
  <marc:subfield code="e">scribe.</marc:subfield>
</marc:datafield>
    <marc:datafield ind1="1" ind2=" " tag="700">
  <marc:subfield code="a">Moldovan, Joseph,</marc:subfield>
  <marc:subfield code="e">donor.</marc:subfield>
</marc:datafield>
    <marc:datafield ind1="1" ind2=" " tag="700">
  <marc:subfield code="a">Moldovan, Susan,</marc:subfield>
  <marc:subfield code="e">donor.</marc:subfield>
</marc:datafield>
    <marc:datafield ind1="2" ind2=" " tag="710">
  <marc:subfield code="a">Moldovan Family Judaica Collection (University of Pennsylvania)</marc:subfield>
  <marc:subfield code="5">PU</marc:subfield>
</marc:datafield>
    <marc:datafield ind1="0" ind2="0" tag="773">
  <marc:subfield code="t">Moldovan Family Judaica Collection (University of Pennsylvania)</marc:subfield>
</marc:datafield>
    <marc:datafield ind1=" " ind2=" " tag="852">
  <marc:subfield code="b">Library at the Herbert D. Katz Center for Advanced Judaic Studies</marc:subfield>
  <marc:subfield code="a">University of Pennsylvania</marc:subfield>
  <marc:subfield code="e">420 Walnut Street, Philadelphia, Pennsylvania 19106-3703.</marc:subfield>
  <marc:subfield code="j">CAJS Rar Ms 483</marc:subfield>
</marc:datafield>
    <marc:datafield ind1="0" ind2=" " tag="880">
  <marc:subfield code="6">130-01//r</marc:subfield>
  <marc:subfield code="a">&#x5DE;&#x5D7;&#x5D6;&#x5D5;&#x5E8; &#x5DE;&#x5E0;&#x5D4;&#x5D2; &#x5E7;&#x5E8;&#x5E4;&#x5D9;&#x5E0;&#x5D8;&#x5E8;&#x5E5;.</marc:subfield>
</marc:datafield>
    <marc:datafield ind1="1" ind2="0" tag="880">
  <marc:subfield code="6">245-02//r</marc:subfield>
  <marc:subfield code="a">&#x5E1;&#x5D3;&#x5E8; &#x5E9;&#x5DC; &#x5E8;&#x5D0;&#x5E9; &#x5D4;&#x5E9;&#x5E0;&#x5D4; &#x5DB;&#x5DE;&#x5E0;&#x5D4;&#x5D2; &#x5E7;&#x5D4;&#x5DC; &#x5E7;&#x5D3;&#x5E9; &#x5E7;&#x5D0;&#x5E8;&#x5E4;&#x5D9;&#x5E0;&#x5D8;&#x5E8;&#x5E5; /</marc:subfield>
  <marc:subfield code="c">&#x5D9;&#x5D2;&#x5DF; &#x5D4;&#x5E9;&#x5DD; &#x5D1;&#x5E2;&#x5D3;&#x5DD; &#x5D0;&#x5DE;&#x5DF; ... &#x5E2;"&#x5D9; &#x5D4;&#x5E4;&#x5D5;&#x5E2;&#x5DC; &#x5D1;&#x5DE;&#x5DC;&#x5D0;&#x5DB;&#x5EA; &#x5D4;&#x5E7;&#x5D3;&#x5E9; &#x5E2;&#x5DE;&#x5E0;&#x5D5;&#x5D0;&#x5DC; &#x5D1;"&#x5E8; &#x5D2;&#x5D3; &#x5D3;&#x5DE;&#x5D9;&#x5DC;&#x5D9;&#x5D9;&#x5D0;&#x5D1; &#x5EA;&#x5DE;"&#x5DA; ...</marc:subfield>
</marc:datafield>
    <marc:datafield ind1=" " ind2=" " tag="880">
  <marc:subfield code="6">260-03//r</marc:subfield>
  <marc:subfield code="a">[&#x5E7;&#x5E8;&#x5E4;&#x5D9;&#x5E0;&#x5D8;&#x5E8;&#x5E1;?],</marc:subfield>
  <marc:subfield code="c">&#x5EA;"&#x5E1;.</marc:subfield>
</marc:datafield>
    <marc:datafield ind1="0" ind2=" " tag="880">
  <marc:subfield code="6">505-04//r</marc:subfield>
  <marc:subfield code="a">1. f.2r-22r: &#x5D6;&#x5DE;&#x5D9;&#x5E8;&#x5D5;&#x5EA; &#x5E9;&#x5D7;&#x5E8;&#x5D9;&#x5EA; -- 2 f. 22r-55v: &#x5E9;&#x5D7;&#x5E8;&#x5D9;&#x5EA; &#x5DC;&#x5D9;&#x5D5;&#x5DD; &#x5D0;' &#x5E9;&#x5DC; &#x5E8;&#x5D0;&#x5E9; &#x5D4;&#x5E9;&#x5E0;&#x5D4; -- 3 f. 56r-62v: &#x5EA;&#x5E4;&#x5DC;&#x5EA; &#x5DE;&#x5D5;&#x5E1;&#x5E3; -- 4 f. 63r-68v: &#x5EA;&#x5E4;&#x5DC;&#x5EA; &#x5DE;&#x5E0;&#x5D7;&#x5D4; -- 5 f. 63r-68v: &#x5E9;&#x5D7;&#x5E8;&#x5D9;&#x5EA; &#x5DC;&#x5D9;&#x5D5;&#x5DD; &#x5E9;&#x5E0;&#x5D9; &#x5E9;&#x5DC; &#x5E8;&#x5D0;&#x5E9; &#x5D4;&#x5E9;&#x5E0;&#x5D4; -- 6 f. 92r-122v: &#x5D0;&#x5E9;&#x5DE;&#x5D5;&#x5E8;&#x5D4; &#x5E2;&#x5E8;&#x5D1; &#x5D4;&#x5E6;&#x5D5;&#x5DD;.</marc:subfield>
</marc:datafield>
    <marc:datafield ind1=" " ind2="0" tag="880">
  <marc:subfield code="6">650-05//r</marc:subfield>
  <marc:subfield code="a">&#x5DE;&#x5D7;&#x5D6;&#x5D5;&#x5E8;.</marc:subfield>
</marc:datafield>
    <marc:datafield ind1="0" ind2="0" tag="880">
  <marc:subfield code="6">630-06//r</marc:subfield>
  <marc:subfield code="a">&#x5E1;&#x5DC;&#x5D9;&#x5D7;&#x5D5;&#x5EA;.</marc:subfield>
</marc:datafield>
    <marc:datafield ind1="1" ind2=" " tag="880">
  <marc:subfield code="6">700-07//r</marc:subfield>
  <marc:subfield code="a">&#x5D3;&#x5DE;&#x5D9;&#x5DC;&#x5D9;&#x5D9;&#x5D0;&#x5D1;, &#x5E2;&#x5DE;&#x5E0;&#x5D5;&#x5D0;&#x5DC; &#x5D1;&#x5DF; &#x5D2;&#x5D3;,</marc:subfield>
  <marc:subfield code="e">&#x5E1;&#x5D5;&#x5E4;&#x5E8;.</marc:subfield>
</marc:datafield>
    <marc:datafield ind1=" " ind2=" " tag="948">
  <marc:subfield code="h">HELD BY PAU - 0 OTHER HOLDINGS</marc:subfield>
</marc:datafield>
    <marc:datafield ind1=" " ind2=" " tag="994">
  <marc:subfield code="a">Z0</marc:subfield>
  <marc:subfield code="b">PAU</marc:subfield>
</marc:datafield>
    <marc:datafield ind1=" " ind2=" " tag="996">
  <marc:subfield code="a">hinge-right</marc:subfield>
</marc:datafield>
    <marc:holdings>
      <marc:holding>
        <marc:holding_id>22582795380003681</marc:holding_id>
        <marc:call_number>CAJS Rar Ms 483</marc:call_number>
        <marc:library>KatzLib</marc:library>
        <marc:location>cjsrarms</marc:location>
      </marc:holding>
    </marc:holdings>
  </marc:record>
</marc:records>
